@book{pharr2023physically,
  title={Physically based rendering: From theory to implementation},
  author={Pharr, Matt and Jakob, Wenzel and Humphreys, Greg},
  year={2023},
  publisher={MIT Press}
}

@article{zhang2000flexible,
  title={A flexible new technique for camera calibration},
  author={Zhang, Zhengyou},
  journal={IEEE Transactions on pattern analysis and machine intelligence},
  volume={22},
  number={11},
  pages={1330--1334},
  year={2000},
  publisher={IEEE}
}

@book{hartley2003multiple,
  title={Multiple view geometry in computer vision},
  author={Hartley, Richard and Zisserman, Andrew},
  year={2003},
  publisher={Cambridge university press}
}

@article{madsen2004methods,
  title={Methods for non-linear least squares problems},
  author={Madsen, Kaj and Nielsen, Hans Bruun and Tingleff, Ole},
  year={2004}
}

@article{alfonso2022snowmass,
  title={Snowmass 2021 Scintillating Bubble Chambers: Liquid-noble Bubble Chambers for Dark Matter and CE$\nu$NS Detection},
  author={Alfonso-Pita, E and Baker, M and Behnke, E and Brandon, A and Bressler, M and Broerman, B and Clark, K and Coppejans, R and Corbett, J and Cripe, C and others},
  journal={arXiv preprint arXiv:2207.12400},
  year={2022}
}

@article{alfonso2023scintillating,
  title={Scintillating Bubble Chambers for Rare Event Searches},
  author={Alfonso-Pita, Ernesto and Behnke, Edward and Bressler, Matthew and Broerman, Benjamin and Clark, Kenneth and Corbett, Jonathan and Dahl, C Eric and Dering, Koby and de St. Croix, Austin and Durnford, Daniel and others},
  journal={Universe},
  volume={9},
  number={8},
  pages={346},
  year={2023},
  publisher={MDPI}
}

@article{durnford2022nucleation,
  title={Nucleation efficiency of nuclear recoils in bubble chambers},
  author={Durnford, Daniel and Piro, M-C and others},
  journal={Journal of Instrumentation},
  volume={17},
  number={01},
  pages={C01030},
  year={2022},
  publisher={IOP Publishing}
}

@techreport{dahl2020scintillating,
  title={A Scintillating Xenon Bubble Chamber for Dark Matter Detection. Final Report},
  author={Dahl, Carl Eric},
  year={2020},
  institution={Northwestern Univ., Evanston, IL (United States)}
}

@inproceedings{hedborg2014robust,
  title={Robust three-view triangulation done fast},
  author={Hedborg, Johan and Robinson, Andreas and Felsberg, Michael},
  booktitle={Proceedings of the IEEE Conference on Computer Vision and Pattern Recognition Workshops},
  pages={152--157},
  year={2014}
}

@article{djekoune2017incremental,
  title={Incremental circle hough transform: An improved method for circle detection},
  author={Djekoune, A Oualid and Messaoudi, Khadidja and Amara, Kahina},
  journal={Optik},
  volume={133},
  pages={17--31},
  year={2017},
  publisher={Elsevier}
}

@book{trefethen2022numerical,
  title={Numerical linear algebra},
  author={Trefethen, Lloyd N and Bau, David},
  year={2022},
  publisher={SIAM}
}

@article{fan2020computer,
  title={Computer stereo vision for autonomous driving},
  author={Fan, Rui and Wang, Li and Bocus, Mohammud Junaid and Pitas, Ioannis},
  journal={arXiv preprint arXiv:2012.03194},
  year={2020}
}

///////////////////////////////////////////////////////////////////////////////////
///// ========================= DO NOT DELETE THESE ========================= /////
///////////////////////////////////////////////////////////////////////////////////
@software{jakob2022mitsuba3,
    title = {Mitsuba 3 renderer},
    author = {Wenzel Jakob and SÃ©bastien Speierer and Nicolas Roussel and Merlin Nimier-David and Delio Vicini and Tizian Zeltner and Baptiste Nicolet and Miguel Crespo and Vincent Leroy and Ziyi Zhang},
    note = {https://mitsuba-renderer.org},
    version = {3.0.1},
    year = 2022,
}

@article{opencv_library,
    author = {Bradski, G.},
    citeulike-article-id = {2236121},
    journal = {Dr. Dobb's Journal of Software Tools},
    keywords = {bibtex-import},
    posted-at = {2008-01-15 19:21:54},
    priority = {4},
    title = {{The OpenCV Library}},
    year = {2000}
}